
@misc{Authors06,
 author = {Authors},
 title = {The frobnicatable foo filter},
 note = {ECCV06 submission ID 324. Supplied as additional material {\tt eccv06.pdf}},
 year = 2006
}

@misc{Authors06b,
 author = {Authors},
 title = {Frobnication tutorial},
 note = {Supplied as additional material {\tt tr.pdf}},
 year = 2006
}

@article{Alpher02,
author = {A. Alpher},
title = {Frobnication},
journal = {Journal of Foo},
volume = 12, 
number = 1, 
pages = {234--778}, 
year = 2002
}

@article{Alpher03,
author = {A. Alpher and J.~P.~N. Fotheringham-Smythe},
title = {Frobnication revisited},
journal = {Journal of Foo},
volume = 13, 
number = 1, 
pages = {234--778}, 
year = 2003
}

@article{Alpher04,
author = {A. Alpher and J.~P.~N. Fotheringham-Smythe and G. Gamow},
title = {Can a machine frobnicate?},
journal = {Journal of Foo},
volume = 14, 
number = 1, 
pages = {234--778}, 
year = 2004
}

@article{rabiner1989tutorial,
  title={A tutorial on hidden Markov models and selected applications in speech recognition},
  author={Rabiner, Lawrence R},
  journal={Proceedings of the IEEE},
  volume={77},
  number={2},
  pages={257--286},
  year={1989},
  publisher={Ieee}
}

@article{Mermin89,
author = {N. David Mermin},
title = {What's wrong with these equations?},
journal = {Physics Today},
year = 1989,
month = oct,
note = {\small\url{http://www.cvpr.org/doc/mermin.pdf}}
}

@Book{Hartley00,
  author       = "Hartley, R.~I. and Zisserman, A.",
  title        = "Multiple View Geometry in Computer Vision",
  year         = "2000",
  publisher    = "Cambridge University Press, ISBN: 0521623049",
}

@InProceedings{Claus05,
  author       = "Claus, D. and Fitzgibbon, A.~W.",
  title        = "A Rational Function Lens Distortion Model for General
                 Cameras",
  booktitle    = "Proc. CVPR",
  year         = "2005",
  pages        = "213--219",
}

@InProceedings{Zhang96,
  author =	 "Z. Zhang",
  title =	 "On the Epipolar Geometry Between Two Images With
                  Lens Distortion",
  booktitle =	 "Proc. ICPR",
  year =	 "1996",
  pages =	 "407--411",
}

@InProceedings{Fitzgibbon01,
  author       = "Fitzgibbon, A.~W.",
  title        = "Simultaneous Linear Estimation of Multiple View
                 Geometry and Lens Distortion",
  booktitle    = "Proc. CVPR",
  year         = "2001"
}

@article{Brown71,
author = {D.~C. Brown},
title = {Close-range camera calibration},
journal = {Photogrammetric Eng.},
volume = 37,
number = 8,
pages = {855--866}, 
year = 1971
}

@article{Devernay01,
author = {F. Devernay and O. Faugeras},
title = {Straight lines have to be straight},
journal = {MVA},
volume = 13,
pages = {14--24}, 
year = 2001
}

@article{Swaminathan00,
author = {R. Swaminathan and S. Nayar},
title = {Nonmetric calibration of wide-angle lenses and polycameras},
journal = {IEEE T-PAMI},
volume = 22,
number = 10,
pages = {1172--1178}, 
year = 2000
}

@InProceedings{Tsai86,
  author =	 "Tsai, Y.~R.",
  title =	 "An Efficient and Accurate Camera Calibration
                  Technique for {3D} Machine Vision",
  booktitle =	 "Proc. CVPR",
  year =	 "1986",
}

@article{barbu2012estimation,
  title={Estimation of the stationary distribution of a semi-Markov chain},
  author={Barbu, Vlad and Bulla, Jan and Maruotti, Antonello},
  journal={Journal of Reliability and Statistical Studies},
  volume={5},
  pages={15--26},
  year={2012}
}
@article{bicego2003sequential,
  title={A sequential pruning strategy for the selection of the number of states in hidden Markov models},
  author={Bicego, Manuele and Murino, Vittorio and Figueiredo, M{\'a}rio AT},
  journal={Pattern Recognition Letters},
  volume={24},
  number={9-10},
  pages={1395--1407},
  year={2003},
  publisher={Elsevier}
}

@inproceedings{figueiredo1999fitting,
  title={On fitting mixture models},
  author={Figueiredo, M{\'a}rio AT and Leit{\~a}o, Jos{\'e} MN and Jain, Anil K},
  booktitle={International Workshop on Energy Minimization Methods in Computer Vision and Pattern Recognition},
  pages={54--69},
  year={1999},
  organization={Springer}
}

@article{chen2015estimating,
  title={Estimating latent attentional states based on simultaneous binary and continuous behavioral measures},
  author={Chen, Zhe},
  journal={Computational intelligence and neuroscience},
  volume={2015},
  pages={26},
  year={2015},
  publisher={Hindawi Publishing Corp.}
}

@article{nakamura2017segmenting,
  title={Segmenting continuous motions with hidden semi-markov models and gaussian processes},
  author={Nakamura, Tomoaki and Nagai, Takayuki and Mochihashi, Daichi and Kobayashi, Ichiro and Asoh, Hideki and Kaneko, Masahide},
  journal={Frontiers in neurorobotics},
  volume={11},
  pages={67},
  year={2017},
  publisher={Frontiers}
}

@book{yu2015hidden,
  title={Hidden Semi-Markov models: theory, algorithms and applications},
  author={Yu, Shun-Zheng},
  year={2015},
  publisher={Morgan Kaufmann}
}